
@article{kim2016adaptation,
  title={Adaptation in log-concave density estimation},
  author={Kim, Arlene KH and Guntuboyina, Adityanand and Samworth, Richard J},
  journal={arXiv preprint arXiv:1609.00861},
  year={2016}
}

@incollection{bobkov2003spectral,
  title={Spectral gap and concentration for some spherically symmetric probability measures},
  author={Bobkov, Sergey G},
  booktitle={Geometric aspects of functional analysis},
  pages={37--43},
  year={2003},
  publisher={Springer}
}


@article{lovasz2007geometry,
  title={The geometry of logconcave functions and sampling algorithms},
  author={Lov{\'a}sz, L{\'a}szl{\'o} and Vempala, Santosh},
  journal={Random Structures \& Algorithms},
  volume={30},
  number={3},
  pages={307--358},
  year={2007},
  publisher={Wiley Online Library}
}

@article{kim2016global,
  title={Global rates of convergence in log-concave density estimation},
  author={Kim, Arlene KH and Samworth, Richard J and others},
  journal={The Annals of Statistics},
  volume={44},
  number={6},
  pages={2756--2779},
  year={2016},
  publisher={Institute of Mathematical Statistics}
}
